<record xmlns="http://www.loc.gov/MARC21/slim" xmlns:xsi="http://www.w3.org/2001/XMLSchema-instance" xsi:schemaLocation="http://www.loc.gov/MARC21/slim http://www.loc.gov/standards/marcxml/schema/MARC21slim.xsd"><leader>02197cz   2200289n  4500</leader><controlfield tag="001">oca01242669 </controlfield><controlfield tag="003">OCoLC</controlfield><controlfield tag="005">20051208120642.0</controlfield><controlfield tag="008">841218n| acannaab           |a aaa      </controlfield><datafield ind1=" " ind2=" " tag="010"><subfield code="a">n  84128374 </subfield><subfield code="z">n  91019049 </subfield></datafield><datafield ind1=" " ind2=" " tag="040"><subfield code="a">DLC</subfield><subfield code="c">DLC</subfield><subfield code="d">DLC</subfield></datafield><datafield ind1="0" ind2=" " tag="100"><subfield code="a">Egeria,</subfield><subfield code="d">4th/5th cent.</subfield></datafield><datafield ind1="0" ind2=" " tag="400"><subfield code="a">Echeria,</subfield><subfield code="d">4th/5th cent.</subfield></datafield><datafield ind1="0" ind2=" " tag="400"><subfield code="a">Etheria,</subfield><subfield code="d">4th/5th cent.</subfield></datafield><datafield ind1="0" ind2=" " tag="400"><subfield code="a">Aetheria,</subfield><subfield code="d">4th/5th cent.</subfield></datafield><datafield ind1="0" ind2=" " tag="400"><subfield code="a">Eucheria,</subfield><subfield code="d">4th/5th cent.</subfield></datafield><datafield ind1="0" ind2=" " tag="400"><subfield code="a">Egérie,</subfield><subfield code="d">4th/5th cent.</subfield></datafield><datafield ind1="0" ind2=" " tag="400"><subfield code="a">Aitheria,</subfield><subfield code="d">4th/5th cent.</subfield></datafield><datafield ind1="0" ind2=" " tag="400"><subfield code="a">Ījīrīyā,</subfield><subfield code="d">4th/5th cent.</subfield></datafield><datafield ind1="0" ind2=" " tag="400"><subfield code="a">Īthīrīyā,</subfield><subfield code="d">4th/5th cent.</subfield></datafield><datafield ind1="0" ind2=" " tag="400"><subfield code="a">Īyūthirīyā,</subfield><subfield code="d">4th/5th cent.</subfield></datafield><datafield ind1="0" ind2=" " tag="400"><subfield code="a">Sīlfīyā,</subfield><subfield code="d">4th/5th cent.</subfield></datafield><datafield ind1=" " ind2=" " tag="670"><subfield code="a">Itinerarium Egeriae. French &amp; Latin. Journal de voyage, 1982:</subfield><subfield code="b">t.p. (Egérie) p. 16, etc. (Egérie, known from a 7th cent. letter of Valerio of Bierzo describing her travels; in mss. of the letter name appears as Egeria, Echeria, Etheria; modern scholars have settled on Egeria as the preferred form, although previously Aetheria or Eucheria were used; she is usually identified with the unknown woman whose journey is described in the anon. text which has become known as the Itinerarium Egeriae or Peregrinatio Aetheriae) p. 27, etc. (her dates depend on the internal evidence of the Itinerarium; editor opts for 381-384 as dates of that journey)</subfield></datafield><datafield ind1=" " ind2=" " tag="670"><subfield code="a">Itinerarium Egeriae. English. Egeria, Diary of a pilgrimage, 1970:</subfield><subfield code="b">t.p. (Egeria) p. 12, etc. (discusses factors inclining to a date after 394, or even in early 5th cent., for the writing of the text of Itinerarium)</subfield></datafield><datafield ind1=" " ind2=" " tag="670"><subfield code="a">Encyc. Brit., 15th ed.</subfield><subfield code="b">(Peregrinatio Etheriae or Pilgrimage of Etheria, an anon. and incomplete account of her travels written in Latin by a nun from Western Europe near the end of the 4th cent.; now generally identified with a Spanish nun called Etheria (Aetheria, Egeria, Eucheria))</subfield></datafield><datafield ind1=" " ind2=" " tag="670"><subfield code="a">Hodoiporiko, 1989:</subfield><subfield code="b">t.p. (Aitheria)</subfield></datafield><datafield ind1=" " ind2=" " tag="670"><subfield code="a">Aqdam makhṭūṭah taḥwī "Ṭuqūs Usbūʻ al-Baṣkhah", 2000:</subfield><subfield code="b">p. 11 (Egeria [in rom.]) p. 20, etc. (Ījīrīyā; Īthīrīyā; Īyūthirīyā; Sīlfīyā; lived in Galicia [ancient kingdom NW Spain])</subfield></datafield></record>